@misc{ASD2023,
  author = {{Australian Signals Directorate}},
  title = {{Australian Signals Directorate}},
  year = {2023},
  url = {https://www.asd.gov.au/},
  note = {Accessed: 2023-05-17}
}

@misc{QUT2023,
  author = {{Queensland University of Technology}},
  title = {{Queensland University of Technology}},
  year = {2023},
  url = {https://www.qut.edu.au/study/information-technology?undergraduate},
  note = {Accessed: 2023-05-17}
}

@misc{CryptoMuseum2023,
  author = {{Crypto Museum}},
  title = {Enigma Wiring},
  year = {2023},
  url = {https://www.cryptomuseum.com/crypto/enigma/wiring.htm},
  note = {Accessed: 2023-05-17}
}